@article{Aboufirassi1984,
  title={Cokriging of aquifer transmissivities from field measurements of transmissivity and specific capacity},
  author={Mohamed Aboufirassi and Miguel A. Mari{\~n}o},
  journal={Journal of the International Association for Mathematical Geology},
  year={1984},
  volume={16},
  pages={19-35}
}

@article{Almeida2021,
author = {Almeida, Andréia and Maciel, Daiane and Félix, Karen and Nascimento, Carlos and Koide, Sergio},
year = {2021},
month = {01},
pages = {},
title = {Vertical Electrical Sounding (VES) for Estimation of Hydraulic Parameters in the Porous Aquifer}
}

@article{AlMudhafar2019,
author = {Al-Mudhafar, Watheq},
year = {2019},
month = {01},
pages = {84-102},
title = {Bayesian kriging for reproducing reservoir heterogeneity in a tidal depositional environment of a sandstone formation},
volume = {160},
journal = {Journal of Applied Geophysics},
doi = {10.1016/j.jappgeo.2018.11.007}
}

@article{Almurad2018,
author = {Almurad, Mohammad and Zubari, Waleed and Uddin, Saif},
year = {2018},
month = {06},
pages = {},
title = {Geostatistical Characterization of the Transmissivity: An Example of Kuwait Aquifers},
volume = {10},
journal = {Water},
doi = {10.3390/w10070828}
}

@article{Amelie2019,
author = {Amélie, Dausse and Léonardi, Véronique and Jourde, H.},
year = {2019},
month = {11},
pages = {},
title = {Hydraulic characterization and identification of flow-bearing structures based on multi-scale investigations applied to the Lez karst aquifer},
volume = {26},
journal = {Journal of Hydrology: Regional Studies},
doi = {10.1016/j.ejrh.2019.100627}
}

@article{Bagheripour2013,
author = {Bagheripour, Parisa and Asoodeh, Mojtaba and Nazarpour, Ayoob},
year = {2013},
month = {09},
pages = {450-456},
title = {Vertical resolution enhancement of petrophysical Nuclear Magnetic Resonance (NMR) log using ordinary kriging},
volume = {5},
journal = {Central European Journal of Geosciences},
doi = {10.2478/s13533-012-0142-7}
}

@article{BarahonaPalomo2010,
  title={Quantitative comparison of impeller-flowmeter and particle-size-distribution techniques for the characterization of hydraulic conductivity variability},
  author={Marco Barahona-Palomo and Monica Riva and Xavier Sanchez‐Vila and Enric V{\'a}zquez-Su{\~n}{\'e} and Alberto Guadagnini},
  journal={Hydrogeology Journal},
  year={2010},
  volume={19},
  pages={603-612}
}

@article{Barlebo2004,
author = {Barlebo, Heidi and Hill, Mary and Rosbjerg, Dan},
year = {2004},
month = {04},
pages = {4211-},
title = {Investigating the Macrodispersion Experiment (MADE) site in Columbus, Mississippi, using a three-dimensional inverse flow and transport model},
volume = {40},
journal = {Water Resources Research},
doi = {10.1029/2002WR001935}
}

@article{Barrash2002,
author = {Barrash, Warren and Clemo, Tom},
title = {Hierarchical geostatistics and multifacies systems: Boise Hydrogeophysical Research Site, Boise, Idaho},
journal = {Water Resources Research},
volume = {38},
number = {10},
pages = {14-1-14-18},
keywords = {Geostatistics, Porosity, Heterogeneity},
doi = {https://doi.org/10.1029/2002WR001436},
year = {2002}
}

@article{Baye2012,
author = {Baye, Andarge and Razack, Moumtaz and Ayenew, Tenalem and Zemedagegnehu, Engida},
year = {2012},
month = {07},
pages = {},
title = {Estimating transmissivity using empirical and geostatistical methods in the volcanic aquifers of Upper Awash Basin, central Ethiopia},
volume = {69},
journal = {Environmental Earth Sciences},
doi = {10.1007/s12665-012-2011-6}
}

@article{Benoit2019,
Author = {Benoit, Sien and Ghysels, Gert and Gommers, Kevin and Hermans, Thomas
   and Nguyen, Frederic and Huysmans, Marijke},
Title = {Characterization of spatially variable riverbed hydraulic conductivity
   using electrical resistivity tomography and induced polarization},
Journal = {HYDROGEOLOGY JOURNAL},
Year = {2019},
Volume = {27},
Number = {1},
Pages = {395-407},
Month = {FEB},
DOI = {10.1007/s10040-018-1862-7}
}

@article{Brauchler2010,
author = {Brauchler, Ralf and Hu, Rui and Vogt, Tobias and Al-Halbouni, Djamil and Heinrichs, T. and Ptak, T. and Sauter, Martin},
year = {2010},
month = {04},
pages = {33-45},
title = {Cross-well slug interference tests: An effective characterization method for resolving aquifer heterogeneity},
volume = {384},
journal = {Journal of Hydrology - J HYDROL},
doi = {10.1016/j.jhydrol.2010.01.004}
}

@article{Bromley2004,
author = {Bromley, J. and Robinson, M. and Barker, J. A.},
title = {Scale-dependency of hydraulic conductivity: an example from Thorne Moor, a raised mire in South Yorkshire, UK},
journal = {Hydrological Processes},
volume = {18},
number = {5},
pages = {973-985},
keywords = {peat, raised mire, hydraulic conductivity (K), scale, Thorne Moor},
doi = {https://doi.org/10.1002/hyp.1341},
year = {2004}
}

@article{Bianchi2011,
author = {Bianchi, Marco and Zheng, Chunmiao and Wilson, Crystal and Tick, Geoffrey and Liu, G and Gorelick, Steven},
year = {2011},
month = {05},
pages = {},
title = {Spatial connectivity in a highly heterogeneous aquifer: From cores to preferential flow paths},
volume = {47},
journal = {Water Resources Research},
doi = {10.1029/2009WR008966}
}

@article{Bjerg1992,
  title={Spatial variability of hydraulic conductivity of an unconfined sandy aquifer determined by a mini slug test},
  author={P. L. Bjerg and K. Hinsby and T. H. Christensen and P. Gravesen},
  journal={Journal of Hydrology},
  year={1992},
  volume={136},
  pages={107-122}
}

@article{Bohling2007,
author = {Bohling, Geoffrey and Butler Jr, James and Zhan, Xiaoyong and Knoll, Michael},
year = {2007},
month = {05},
pages = {},
title = {A Field Assessment of the Value of Steady-Shape Hydraulic Tomography for Characterization of Aquifer Heterogeneities},
volume = {43},
journal = {Water Resources Research - WATER RESOUR RES},
doi = {10.1029/2006WR004932}
}

@article{Bohling2012,
author = {Bohling, Geoffrey C. and Liu, Gaisheng and Knobbe, Steven J. and Reboulet, Edward C. and Hyndman, David W. and Dietrich, Peter and Butler Jr, James J.},
title = {Geostatistical analysis of centimeter-scale hydraulic conductivity variations at the MADE site},
journal = {Water Resources Research},
volume = {48},
number = {2},
pages = {},
keywords = {MADE, direct push, flowmeter, hydraulic conductivity},
doi = {https://doi.org/10.1029/2011WR010791},
year = {2012}
}

@article{Bohling2016,
  title={Reassessing the MADE direct‐push hydraulic conductivity data using a revised calibration procedure},
  author={Geoffrey C. Bohling and Gaisheng Liu and Peter Dietrich and J. Butler},
  journal={Water Resources Research},
  year={2016},
  volume={52},
  pages={8970 - 8985}
}

@article{Boman1995,
author = {Boman, Gerald K. and Molz, Fred J. and Güven, Oktay},
title = {An Evaluation of Interpolation Methodologies for Generating Three-Dimensional Hydraulic Property Distributions from Measured Data},
journal = {Groundwater},
volume = {33},
number = {2},
pages = {247-258},
doi = {https://doi.org/10.1111/j.1745-6584.1995.tb00279.x},
year = {1995}
}

@article{Bracq1997,
title = {Transmissivity and morphological features in a chalk aquifer: a geostatistical approach of their relationship},
journal = {Journal of Hydrology},
volume = {191},
number = {1},
pages = {139-160},
year = {1997},
doi = {https://doi.org/10.1016/S0022-1694(96)03074-0},
author = {Pierre Bracq and Frederick Delay},
}

@article{Bray2007,
author = {Bray, Ben and Tsai, Frank T.-C. and Sim, Youn and Yeh, William W.-G.},
title = {Model Development and Calibration of a Saltwater Intrusion Model in Southern California1},
journal = {JAWRA Journal of the American Water Resources Association},
  year={2007},
volume = {43},
number = {5},
pages = {1329-1343},
doi = {https://doi.org/10.1111/j.1752-1688.2007.00098.x},
}

@article{Burg2016,
author = {Burg, Avihu and Gersman, Ronen},
year = {2016},
month = {07},
pages = {},
title = {Hydrogeology and geochemistry of low-permeability oil-shales – Case study from HaShfela sub-basin, Israel},
volume = {540},
journal = {Journal of Hydrology},
doi = {10.1016/j.jhydrol.2016.07.026}
}

@article{Cardenas2003,
author = {Cardenas, M. and Zlotnik, Vitaly},
year = {2003},
month = {01},
pages = {},
title = {Three-Dimensional Model of Modern Channel Bend Deposits},
volume = {1815},
journal = {Water Resour. Res},
doi = {10.1029/2002WR001383}
}

article{Cardiff2011,
title = {Information content of slug tests for estimating hydraulic properties in realistic, high-conductivity aquifer scenarios},
journal = {Journal of Hydrology},
volume = {403},
number = {1},
pages = {66-82},
year = {2011},
issn = {0022-1694},
doi = {https://doi.org/10.1016/j.jhydrol.2011.03.044},
author = {Michael Cardiff and Warren Barrash and Michael Thoma and Bwalya Malama}
}

@article{Chao2000,
Author = {Chao, HC and Rajaram, H and Illangasekare, T},
Title = {Intermediate-scale experiments and numerical simulations of transport
   under radial flow in a two-dimensional heterogeneous porous medium},
Journal = {Water Resources Research},
Year = {2000},
Volume = {36},
Number = {10},
Pages = {2869-2884},
Month = {OCT},
DOI = {10.1029/2000WR900096},
}

@article{Cheng2011,
author = {Cheng, Cheng and Song, Jinxi and Chen, Xunhong and Wang, Deming},
year = {2011},
month = {07},
pages = {265-285},
title = {Statistical Distribution of Streambed Vertical Hydraulic Conductivity along the Platte River, Nebraska},
volume = {25},
journal = {Water Resources Management},
doi = {10.1007/s11269-010-9698-5}
}

@article{Chen2018,
author = {Chen, Yifeng and Ling, Xiao-Ming and Mingming, Liu and Hu, Ran and Yang, Zhibing},
year = {2018},
month = {09},
pages = {},
title = {Statistical distribution of hydraulic conductivity of rocks in deep-incised valleys, Southwest China},
volume = {566},
journal = {Journal of Hydrology},
doi = {10.1016/j.jhydrol.2018.09.016}
}

@article{Chesnaux2009,
Author = {Chesnaux, R. and Allen, D. M. and Jenni, S.},
Title = {Regional fracture network permeability using outcrop scale measurements},
Journal = {ENGINEERING GEOLOGY},
Year = {2009},
Volume = {108},
Number = {3-4},
Pages = {259-271},
Month = {OCT 8},
DOI = {10.1016/j.enggeo.2009.06.024},
ISSN = {0013-7952},
ResearcherID-Numbers = {Allen, Diana M/A-4215-2010},
ORCID-Numbers = {Allen, Diana M/0000-0003-3541-2470},
Unique-ID = {WOS:000271362200010},
}

@Article{Colecchio2020,
  author   = {Iván Colecchio and Alejandro Boschan and Alejandro D. Otero and Benoît Noetinger},
  title    = {On the multiscale characterization of effective hydraulic conductivity in random heterogeneous media: A historical survey and some new perspectives},
  journal  = {Advances in Water Resources},
  year     = {2020},
  volume   = {140},
  pages    = {103594},
  issn     = {0309-1708},
  doi      = {https://doi.org/10.1016/j.advwatres.2020.103594},
  keywords = {Heterogeneous aquifers, Stochastic approach, Volume averaging, Upscaling},
}

@article{Comunian2011,
author = {Comunian, Alessandro and Renard, Philippe and Straubhaar, Julien and Bayer, Peter},
year = {2011},
month = {07},
pages = {},
title = {Three-dimensional high resolution fluvio-glacial aquifer analog - Part 2: Geostatistical modeling},
volume = {405},
journal = {Journal of Hydrology - J HYDROL},
doi = {10.1016/j.jhydrol.2011.03.037}
}

@article{Croise2004,
author = {Croisé, Jean and Schlickenrieder, L. and Marschall, P. and Jean-Yves, Boisson and Vogel, P. and Yamamoto, Shuichi},
year = {2004},
month = {12},
pages = {3-15},
title = {Hydrogeological investigations in a low permeability claystone formation: The Mont Terri Rock Laboratory},
volume = {29},
journal = {Physics and Chemistry of the Earth, Parts A/B/C},
doi = {10.1016/j.pce.2003.11.008}
}

@article{Cucchi2019,
title = {{Ex-situ priors: A Bayesian hierarchical framework for defining informative prior distributions in hydrogeology}},
journal = {Advances in Water Resources},
volume = {126},
pages = {65-78},
year = {2019},
issn = {0309-1708},
doi = {https://doi.org/10.1016/j.advwatres.2019.02.003},
author = {Karina Cucchi and Falk He{\ss}e and Nura Kawa and Changhong Wang and Yoram Rubin},
}

@article{Dahbia2019,
author = {Hallal, Dahbia and Mohamed El Amine, Khelfi and Zahouani, Sadek and Benamghar, Ahcene and Haddad, Ouissam and Ammari, Abdelhadi and Lobo-Ferreira, João-Paulo},
year = {2019},
month = {01},
pages = {},
title = {Application of the GALDIT method combined with geostatistics at the Bouteldja aquifer (Algeria)},
volume = {78},
journal = {Environmental Earth Sciences},
doi = {10.1007/s12665-018-8005-2}
}

@article{Das2017,
author = {Das, Anasuya and Maiti, Saumen and Suneetha, Naidu and Gupta, Gautam},
year = {2017},
month = {09},
pages = {},
title = {Estimation of spatial variability of aquifer parameters from geophysical methods: a case study of Sindhudurg district, Maharashtra, India},
volume = {31},
journal = {Stochastic Environmental Research and Risk Assessment},
doi = {10.1007/s00477-016-1317-4}
}

@article{Dashti2016,
author = {Dashti, Ali and Sfidari, Ebrahim},
year = {2016},
month = {08},
pages = {611-615},
title = {Physical properties modeling of reservoirs in Mansuri oil field, Zagros region, Iran},
volume = {43},
journal = {Petroleum Exploration and Development},
doi = {10.1016/S1876-3804(16)30071-4}
}

@article{Davis1997,
author = {Davis, J. and Wilson, John and Phillips, Fred and Gotkowitz, Madeline},
year = {1997},
month = {08},
pages = {},
title = {Relationship between fluvial bounding surfaces and the permeability correlation structure},
volume = {33},
journal = {Water Resources Research - WATER RESOUR RES},
doi = {10.1029/97WR01003}
}

@article{Davis2006,
author = {Davis, J. Matthew and Nicole Delude Roy and Peter S.Mozley and John S.Hall},
title = {The effect of carbonate cementation on permeability heterogeneity in fluvial aquifers: An outcrop analog study},
journal = {Sedimentary Geology},
volume = {184},
number = {3},
pages = {267-280},
year = {2006},
note = {Heterogeneity in Sedimentary Aquifers: Challenges for Characterization and Flow Modeling},
issn = {0037-0738},
doi = {https://doi.org/10.1016/j.sedgeo.2005.11.005},
}

@article{Day-Lewis2000,
author = {Day-Lewis, Frederick and Hsieh, Paul and Gorelick, Steven},
year = {2000},
month = {07},
pages = {},
title = {Identifying fracture-zone geometry using simulated annealing and hydraulic-connection data},
volume = {36},
journal = {Water Resources Research - WATER RESOUR RES},
doi = {10.1029/2000WR900073}
}

@article{DeLasme2012,
author = {De Lasme, Omer Zéphir and Lasm, Théophile and yei marie solange, Oga and Ta, Marc and Baka, Derving and Ettien, F. and Kouakou, S. and Onetie, O. and Yao, Koffi},
year = {2012},
month = {12},
pages = {pp.217-232},
title = {Analyse des propriétés hydrodynamiques des aquifères fissurés de la région de San-Pedro (Sud-ouest de la Côte d’Ivoire). Hydrodynamic properties analysis of fissured aquifers of San-Pedro area (South-western Côte d’Ivoire).},
volume = {68},
journal = {Estudios Geológicos},
doi = {10.3989/egeol.40672.159}
}

@article{Dethlefsen2014,
author = {Dethlefsen, Frank and Ebert, Markus and Dahmke, Andreas},
year = {2014},
month = {03},
pages = {},
title = {A geological database for parameterization in numerical modeling of subsurface storage in northern Germany},
volume = {71},
journal = {Environmental Earth Sciences},
doi = {10.1007/s12665-013-2627-1}
}

@article{Dewandel2012,
author = {Dewandel, Benoit and Maréchal, Jean-Christophe and Bour, Olivier and Ladouche, Bernard and Ahmed, Shakeel and Chandra, Subash and Pauwels, Hélène},
year = {2012},
month = {01},
pages = {83-97},
title = {Upscaling and regionalizing hydraulic conductivity and effective porosity at watershed scale in deeply weathered crystalline aquifers},
volume = {416},
journal = {Journal of Hydrology},
doi = {10.1016/j.jhydrol.2011.11.038}
}

@article{Desbarats1994,
author = {Desbarats, A. J. and Bachu, S.},
title = {Geostatistical analysis of aquifer heterogeneity from the core scale to the basin scale: A case study},
journal = {Water Resources Research},
volume = {30},
number = {3},
pages = {673-684},
doi = {https://doi.org/10.1029/93WR02980},
year = {1994}
}

@article{Dimitrakopoulos1993,
Author = {Roussos Dimitrakopoulos and A. J. Desbarats},
Title = {Geostatistical Modeling of Gridblock Permeabilities for 3D Reservoir Simulators},
Journal = {SPE Reservoir Engineering},
Year = {1993},
Volume = {8},
Number = {1},
Pages = {13-18},
Month = {FEB},
DOI = {10.2118/21520-PA},
}

@article{Eggleston1996,
author = {Eggleston, J. R. and Rojstaczer, S. A. and Peirce, J. J.},
title = {Identification of hydraulic conductivity structure in sand and gravel aquifers: Cape Cod data set},
journal = {Water Resources Research},
volume = {32},
number = {5},
pages = {1209-1222,},
year = {1996}
}

@article{Eggleston1998,
author = {Eggleston, Jack and Rojstaczer, Stuart},
title = {Inferring spatial correlation of hydraulic conductivity from sediment cores and outcrops},
journal = {Geophysical Research Letters},
volume = {25},
number = {13},
pages = {2321-2324},
doi = {https://doi.org/10.1029/98GL01773},
year = {1998}
}

@article{Eisenberg1994,
Author = {R. A. Eisenberg and P. M. Harris and C. W. Grant and D. J. Goggin and F. J. Conner},
Title = {Modeling Reservoir Heterogeneity Within Outer Ramp Carbonate Facies Using an Outcrop Analog, San Andres Formation of the Permian Basin},
Journal = {AAPG Bulletin-American Association of Petroleum Geologists},
Year = {1994},
Volume = {78},
Number = {9},
Pages = {1337-1359},
Month = {Sep},
}

@article{El-Rawy2020,
author = {El-Rawy, Mustafa and Smedt, Florimond},
year = {2020},
month = {02},
pages = {604},
title = {Estimation and Mapping of the Transmissivity of the Nubian Sandstone Aquifer in the Kharga Oasis, Egypt},
volume = {12},
journal = {Water},
doi = {10.3390/w12020604}
}

@article{Eltom2013,
author = {Eltom, Hassan and Makkawi, M. and Abdullatif, Osman and Al-Ramadan, Khalid},
year = {2013},
month = {11},
pages = {},
title = {High-resolution facies and porosity models of the upper Jurassic Arab-D carbonate reservoir using an outcrop analogue, central Saudi Arabia},
volume = {6},
journal = {Arabian Journal of Geosciences},
doi = {10.1007/s12517-012-0708-1}
}

@article{Elzain2019,
author = {Elzain, Hussam and Abdullatif, Osman and Senapathi, Venkatramanan and Chung, Sang Yong and Sabarathinam, Chidambaram and .S, Selvam},
year = {2019},
month = {11},
pages = {106664},
title = {Lithofacies modeling of Late Jurassic in upper Ulayyah reservoir unit at central Saudi Arabia with inference of reservoir characterization},
volume = {185},
journal = {Journal of Petroleum Science and Engineering},
doi = {10.1016/j.petrol.2019.106664}
}

@article{Fabbri1997,
author = {Fabbri, Paolo},
title = {Transmissivity in the Geothermal Euganean Basin: A Geostatistical Analysis},
journal = {Groundwater},
volume = {35},
number = {5},
pages = {881-887},
doi = {https://doi.org/10.1111/j.1745-6584.1997.tb00156.x},
year = {1997}
}

@article{Fabbri2012,
author = {Fabbri, Paolo and Ortombina, Mirta and Piccinini, Leonardo},
year = {2012},
month = {12},
pages = {125-133},
title = {Estimation of Hydraulic Conductivity Using the Slug Test Method in a Shallow Aquifer in the Venetian Plain (NE, Italy)},
volume = {3},
journal = {AQUA mundi},
doi = {10.4409/Am-045-12-0048}
}

@article{Falivene2006,
author = {Falivene, Oriol and Arbués, P. and Gardiner, Andy and Pickup, Gillian and Muñ, Josep and Cabrera, Lluís},
year = {2006},
month = {08},
pages = {1003-1029},
title = {Best practice stochastic facies modeling from a channel-fill turbidite sandstone analog (the Quarry outcrop, Eocene Ainsa basin, northeast Spain)},
volume = {90},
journal = {AAPG Bulletin},
doi = {10.1306/02070605112}
}

@article{Felletti2006,
author = {Felletti, Fabrizio and Bersezio, Riccardo and Giudici, Mauro},
year = {2006},
month = {11},
pages = {1215-1229},
title = {Geostatistical Simulation and Numerical Upscaling, to Model Ground-Water Flow in a Sandy-Gravel, Braided River, Aquifer Analogue},
volume = {76},
journal = {Journal of Sedimentary Research - J SEDIMENT RES},
doi = {10.2110/jsr.2006.091}
}

@article{Fisher1998,
author = {Fisher, Andrew T. and Barnhill, Mark and Revenaugh, Justin},
title = {The Relationship Between Hydrogeologic Properties and Sedimentary Fades: An Example from Pennsylvanian Bedrock Aquifers, Southwestern Indiana},
journal = {Groundwater},
volume = {36},
number = {6},
pages = {901-912},
doi = {https://doi.org/10.1111/j.1745-6584.1998.tb02097.x},
year = {1998}
}

@article{Flint2003,
author = {Flint, Lorraine},
year = {2003},
month = {05},
pages = {},
title = {Physical and hydraulic properties of volcanic rocks from Yucca Mountain, Nevada},
volume = {39},
journal = {Water Resources Research - WATER RESOUR RES},
doi = {10.1029/2001WR001010}
}

@article{Friedel2013,
Author = {Friedel, Michael J. and Iwashita, Fabio},
Title = {Hybrid modeling of spatial continuity for application to numerical
   inverse problems},
Journal = {Environmental Modelling \& Software},
Year = {2013},
Volume = {43},
Pages = {60-79},
Month = {MAY},
DOI = {10.1016/j.envsoft.2013.01.009},
}

@article{Frink1997,
author = {Paul Frink  and Milovan Beljin  and David Tope },
title = {Notes on Estimation of Hydraulic Conductivity Using Slug Test Analysis},
journal = {Journal of Hydrologic Engineering},
volume = {2},
number = {1},
pages = {18-25},
year = {1997},
doi = {10.1061/(ASCE)1084-0699(1997)2:1(18)}
}

@article{Frykman2001,
author = {Frykman, Peter},
year = {2001},
month = {12},
pages = {1041-1062},
title = {Spatial variability in petrophysical properties in Upper Maastrichtian chalk outcrops at Stevns Klint, Denmark},
volume = {18},
journal = {Marine and Petroleum Geology - MAR PETROL GEOL},
doi = {10.1016/S0264-8172(01)00043-5}
}

@article{Gallardo2007,
author = {Gallardo, Adrian and Marui, Atsunao},
year = {2007},
month = {12},
pages = {140-155},
title = {Hydraulic characteristics of sedimentary deposits at the J-PARC proton-accelerator, Japan},
volume = {11},
journal = {Earth Sciences Research Journal}
}

@Book{Gelhar1993,
  Title                    = {Stochastic Subsurface Hydrology},
  Author                   = {Lynn Gelhar},
  Publisher                = {Prentice-Hall, Engelwood cliffs},
  Year                     = {1993},
  Owner                    = {fhesse},
  Timestamp                = {2006.10.10}
}

@article{Genereux2001,
author = {Genereux, David and Guardiario, Jose},
year = {2001},
month = {05},
pages = {1511-1517},
title = {A borehole flowmeter investigation of small-scale hydraulic conductivity variation in the Biscayne Aquifer, Florida},
volume = {37},
journal = {Water Resources Research},
doi = {10.1029/2001WR900023}
}

@article{Genereux2008,
Author = {Genereux, David P. and Leahy, Scott and Mitasova, Helena and Kennedy,
   Casey D. and Corbett, D. Reide},
Title = {Spatial and temporal variability of streambed hydraulic conductivity in
   West Bear Creek, North Carolina, USA},
Journal = {Journal of Hydrology},
Year = {2008},
Volume = {358},
Number = {3-4},
Pages = {332-353},
Month = {SEP 5},
DOI = {10.1016/j.jhydrol.2008.06.017},
}

@article{Ghysels2018,
title = {Characterization of meter-scale spatial variability of riverbed hydraulic conductivity in a lowland river (Aa River, Belgium)},
journal = {Journal of Hydrology},
volume = {559},
pages = {1013-1027},
year = {2018},
issn = {0022-1694},
doi = {https://doi.org/10.1016/j.jhydrol.2018.03.002},
author = {Gert Ghysels and Sien Benoit and Henock Awol and Evan Patrick Jensen and Abebe {Debele Tolche} and Christian Anibas and Marijke Huysmans},
}

@article{Ghouili2017,
Author = {Ghouili, Nesrine and Ribeiro, Luis and Zammouri, Mounira and Horriche,
   Faten Jarraya},
Title = {Effect of the spatial variability of transmissivity on the groundwater
   flow and budget of the Takelsa multilayer aquifer, Tunisia},
Journal = {Environmental Earth Sciences},
Year = {2017},
Volume = {76},
Number = {20},
Month = {OCT},
DOI = {10.1007/s12665-017-7021-y},
Article-Number = {699},
}

article{Handhal2022,
title = {Spatial assessment of gross vertical reservoir heterogeneity using geostatistics and GIS-based machine-learning classifiers: A case study from the Zubair Formation, Rumaila oil field, southern Iraq},
journal = {Journal of Petroleum Science and Engineering},
volume = {208},
pages = {109482},
year = {2022},
doi = {https://doi.org/10.1016/j.petrol.2021.109482},
author = {Amna M. Handhal and Frank R. Ettensohn and Alaa M. Al-Abadi and Maher J. Ismail},
}

@article{Hazlett1997,
  title={Statistical characterization and stochastic modeling of pore networks in relation to fluid flow},
  author={Randy Hazlett},
  journal={Mathematical Geology},
  year={1997},
  volume={29},
  pages={801-822}
}

@article{Hasan2020,
author = {Hasan, Muhammad and Shang, Yanjun and Jin, wj and Akhter, Gulraiz},
year = {2020},
month = {10},
pages = {},
title = {Geophysical investigation of a weathered terrain for groundwater exploitation: a case study from Huidong County, China},
journal = {Exploration Geophysics},
doi = {10.1080/08123985.2020.1819158}
}

@article{Hinsby1992,
author = {Hinsby, Klaus and Bjerg, Poul and Andersen, Lars and Skov, Bent and Clausen, Erik},
year = {1992},
month = {08},
pages = {87-106},
title = {A mini slug test method for determination of a local hydraulic conductivity of an unconfined sandy aquifer},
volume = {136},
journal = {Journal of Hydrology},
doi = {10.1016/0022-1694(92)90006-H}
}

@article{Hess1992,
author = {Hess, Kathryn M. and Wolf, Steven H. and Celia, Michael A.},
title = {Large-scale natural gradient tracer test in sand and gravel, Cape Cod, Massachusetts: 3. Hydraulic conductivity variability and calculated macrodispersivities},
journal = {Water Resources Research},
volume = {28},
number = {8},
pages = {2011-2027},
doi = {https://doi.org/10.1029/92WR00668},
year = {1992}
}

@article{Huang2016,
Author = {Huang, Xiang and Andrews, Charles B. and Liu, Jie and Yao, Yingying and
   Liu, Chuankun and Tyler, Scott W. and Selker, John S. and Zheng,
   Chunmiao},
Title = {Assimilation of temperature and hydraulic gradients for quantifying the
   spatial variability of streambed hydraulics},
Journal = {WATER RESOURCES RESEARCH},
Year = {2016},
Volume = {52},
Number = {8},
Pages = {6419-6439},
Month = {AUG},
DOI = {10.1002/2015WR018408},
}

@article{Hosseini2019,
author = {Erfan Hosseini and Raoof Gholami and Farzad Hajivand },
title = {Geostatistical modeling and spatial distribution analysis of porosity and permeability in the Shurijeh-B reservoir of Khangiran gas field in Iran},
journal = {Journal of Petroleum Exploration and Production Technology},
volume = {9},
pages = {1051–1073},
year = {2019}
}

@article{Hughson1996,
author = {Hughson, Lance and Huntley, David and Razack, M.},
title = {Cokriging Limited Transmissivity Data Using Widely Sampled Specific Capacity from Pump Tests in an Alluvial Aquifer},
journal = {Groundwater},
volume = {34},
number = {1},
pages = {12-18},
doi = {https://doi.org/10.1111/j.1745-6584.1996.tb01859.x},
year = {1996}
}

@article{Huysmans2008,
  title={Application of multiple-point geostatistics on modelling groundwater flow and transport in a cross-bedded aquifer (Belgium)},
  author={Marijke Huysmans and Alain Dassargues},
  journal={Hydrogeology Journal},
  year={2008},
  volume={17},
  pages={1901-1911}
}

@article{Huysmans2006,
Author = {Huysmans, Marijke and Dassargues, Alain},
Title = {Stochastic analysis of the effect of spatial variability of diffusion
   parameters on radionuclide transport in a low permeability clay layer},
Journal = {HYDROGEOLOGY JOURNAL},
Year = {2006},
Volume = {14},
Number = {7},
Pages = {1094-1106},
Month = {NOV},
DOI = {10.1007/s10040-006-0035-2}
}

@article{Iguzquiza2009,
author = {Eulogio Pardo-Iguzquiza and Mario Chica-Olmo and Maria Jose Garcia-Soldado an Juan A Luque-Espinar},
year = {2009},
pages = {25-34},
title = {Using semivariogram parameter uncertainty in hydrogeological applications},
volume = {47},
journal = {Groundwater},
doi = {10.1111/j.1745-6584.2008.00494.x}
}

@article{Idrysy2007,
author = {Idrysy, El and Smedt, Florimond},
year = {2007},
month = {05},
pages = {459-470},
title = {A comparative study of hydraulic conductivity estimations using geostatistics},
volume = {15},
journal = {Hydrogeology Journal},
doi = {10.1007/s10040-007-0166-0}
}

@article{Jacops2020,
Author = {Jacops, E. and Rogiers, B. and Frederickx, L. and Swennen, R. and
   Littke, R. and Krooss, B. M. and Amann-Hildenbrand, A. and Bruggeman, C.},
Title = {The relation between petrophysical and transport properties of the Boom
   Clay and Eigenbilzen Sands},
Journal = {APPLIED GEOCHEMISTRY},
Year = {2020},
Volume = {114},
Month = {MAR},
DOI = {10.1016/j.apgeochem.2020.104527},
Article-Number = {104527},
ISSN = {0883-2927},
ORCID-Numbers = {Jacops, Elke/0000-0001-9969-6682},
Unique-ID = {WOS:000518403400015},
}

@article{Jang2004,
author = {Jang, Cheng-Shin and Liu, Chen-Wuing},
year = {2004},
month = {05},
pages = {1333 - 1350},
title = {Geostatistical Analysis and Conditional Simulation for Estimating the Spatial Variability of Hydraulic Conductivity in the Choushui River Alluvial Fan, Taiwan},
volume = {18},
journal = {Hydrological Processes},
doi = {10.1002/hyp.1397}
}

@article{Jeannee2013,
Author = {Jeannee, N. and Berckmans, A. and Wouters, L. and Deraisme, J. and
   Chiles, J. P.},
Title = {Quantifying the transferability of hydraulic parameters using
   geostatistics: The Boom Clay Case},
Journal = {PHYSICS AND CHEMISTRY OF THE EARTH},
Year = {2013},
Volume = {65},
Pages = {20-31},
DOI = {10.1016/j.pce.2013.05.014},
ISSN = {1474-7065},
EISSN = {1873-5193},
Unique-ID = {WOS:000327167500003},
}

@article{Karan2014,
Author = {Karan, Sachin and Engesgaard, Peter and Rasmussen, Jorn},
Title = {Dynamic streambed fluxes during rainfall- runoff events},
Journal = {WATER RESOURCES RESEARCH},
Year = {2014},
Volume = {50},
Number = {3},
Pages = {2293-2311},
Month = {MAR},
DOI = {10.1002/2013WR014155},
ISSN = {0043-1397},
EISSN = {1944-7973},
ResearcherID-Numbers = {Karan, Sachin/G-9214-2018},
ORCID-Numbers = {Karan, Sachin/0000-0002-0058-1584},
Unique-ID = {WOS:000334111600026},
}

@article{Kupfersberger1999,
  title={Methodology for Integrating Analog Geologic Data in 3-D Variogram Modeling},
  author={Hans Kupfersberger and Clayton V. Deutsch},
  journal={AAPG Bulletin},
  year={1999},
  volume={83},
  pages={1262-1278}
}

@article{Koike2015,
  title={3D geostatistical modeling of fracture system in a granitic massif to characterize hydraulic properties and fracture distribution},
  author={Katsuaki Koike and Taiki Kubo and Chunxue Liu and Alaa A. Masoud and Kenji Amano and Arata Kurihara and Toshiyuki Matsuoka and Bill Lanyon},
  journal={Tectonophysics},
  year={2015},
  volume={660},
  pages={1-16}
}

@article{Lahkim1999,
Author = {Lahkim, MB and Garcia, LA},
Title = {Stochastic modeling of exposure and risk in a contaminated heterogeneous
   aquifer. 1. Monte Carlo uncertainty analysis},
Journal = {ENVIRONMENTAL ENGINEERING SCIENCE},
Year = {1999},
Volume = {16},
Number = {5},
Pages = {315-328},
Month = {SEP-OCT},
DOI = {10.1089/ees.1999.16.315},
ISSN = {1092-8758},
EISSN = {1557-9018},
Unique-ID = {WOS:000082402800001},
}

@article{Langman2014,
author = {Langman, J. B. and  Engdahl, N. B.},
year = {2014},
title = {Evaluation of a pressure pulse in a fractured-rock aquifer to reduce uncertainty of hydraulic conductivity measurements, Rio Grande Rift, New Mexico, United States.},
volume = {28},
journal = {Water and Environment Journal},
doi = {10.1111/wej.12040}
}

@article{Lavenue1992,
author = {Lavenue, Arthur and Pickens, John},
year = {1992},
month = {06},
pages = {1543-1569},
title = {Application of a coupled adjoint sensitivity and kriging approach to calibrate a groundwater flow model},
volume = {28},
journal = {Water Resources Research},
doi = {10.1029/92WR00208}
}

@article{Lessoff2010,
author = {Lessoff, Steven and Schneidewind, Uwe and Leven, Carsten and Blum, Philipp and Dietrich, Peter and Dagan, Gedeon},
year = {2010},
month = {12},
pages = {},
title = {Spatial Characterization of the Hydraulic Conductivity Using Direct-Push Injection Logging},
volume = {46},
journal = {Water Resources Research},
doi = {10.1029/2009WR008949}
}

@article{Lin2000,
author = {Lin, Yu-Pin and Lee, Chi-Chun and Tan, Yih-Chi},
year = {2000},
month = {12},
pages = {111-120},
title = {Geostatistical approach for identification of transmissivity structure at Dulliu area in Taiwan},
volume = {40},
journal = {Environmental Geology},
doi = {10.1007/s002540000150}
}

@article{Lin2017,
  title={Groundwater Simulations and Uncertainty Analysis Using MODFLOW and Geostatistical Approach with Conditioning Multi-Aquifer Spatial Covariance},
  author={Yu-Pin Lin and Yu-Wen Chen and Liang-Cheng Chang and Ming-Sheng Yeh and Guo Hao Huang and Joy R. Petway},
  journal={Water},
  year={2017},
  volume={9},
  pages={164}
}

@article{Linsel2020,
author = {Linsel, Adrian and Wiesler, Sebastian and Haas, Joshua and Baer, Kristian and Hinderer, Matthias},
year = {2020},
month = {06},
pages = {},
title = {Accounting for Local Geological Variability in Sequential Simulations-Concept and Application},
volume = {9},
journal = {International Journal of Geo-Information},
doi = {10.3390/ijgi9060409}
}

@article{Liu1997,
  title={Multifractal analyses of hydraulic conductivity distributions},
  author={Hui-Hai Liu and Fred J. Molz},
  journal={Water Resources Research},
  year={1997},
  volume={33},
  pages={2483-2488}
}

@article{Liu1996,
author = {Liu, Keyu and Paterson, L. and Boult, Peter},
year = {1996},
month = {12},
pages = {1850-1866},
title = {Outcrop Analog for Sandy Braided Stream Reservoirs: Permeability Patterns in the Triassic Hawkesbury Sandstone, Sydney Basin, Australia},
volume = {80},
journal = {Aapg Bulletin - AAPG BULL},
doi = {10.1306/64EDA21C-1724-11D7-8645000102C1865D}
}

@article{Mace1999,
  title={Estimation of hydraulic conductivity in large-diameter, hand-dug wells using slug-test methods},
  author={Robert E. Mace},
  journal={Journal of Hydrology},
  year={1999},
  volume={219},
  pages={34-45}
}

@article{MacIntyre1998,
title = {Heterogeneity of sorption and transport-related properties in a sand–gravel aquifer at Columbus, Mississippi},
journal = {Journal of Contaminant Hydrology},
volume = {31},
number = {3},
pages = {257-274},
year = {1998},
doi = {https://doi.org/10.1016/S0169-7722(97)00065-X},
author = {William G MacIntyre and Christopher P Antworth and Thomas B Stauffer and Riki G Young},
}

@article{Mckinley2004,
author = {Mckinley, Jennifer and Lloyd, Christopher and Ruffell, Alastair},
year = {2004},
month = {10},
pages = {761-779},
title = {Use of Variography in Permeability Characterization of Visually Homogeneous Sandstone Reservoirs with Examples from Outcrop Studies},
volume = {36},
journal = {Mathematical Geology},
doi = {10.1023/B:MATG.0000041178.73284.88}
}

@article{Maher1997,
  title={Double-flow behavior observed in well tests of an extremely heterogeneous mine-spoil aquifer},
  author={Thomas P. Maher and Joseph J. Donovan},
  journal={Engineering Geology},
  year={1997},
  volume={48},
  pages={83-99}
}

@article{Martin1998,
  title={Modeling a Complex Multi-Aquifer System: The Waterloo Moraine},
  author={P. Martin and E. G. Frind},
  journal={Ground Water},
  year={1998},
  volume={36},
  pages={679-690}
}

@article{Martinez2005,
author = {Martinez-Landa, Lurdes and Ramírez, Jesús},
year = {2005},
month = {11},
pages = {},
title = {An Analysis of Hydraulic Conductivity Scale Effects in Granite (Full-Scale Engineered Barrier Experiment (FEBEX), Grimsel, Switzerland)},
volume = {41},
journal = {Water Resources Research - WATER RESOUR RES},
doi = {10.1029/2004WR003458}
}

@article{MasPla1997,
  title={Analyses of slug tests and hydraulic conductivity variations in the near field of a two-well tracer experiment site},
  author={Josep Mas-Pla and Tian-Chyi Jim Yeh and Thomas M. Williams and John F. McCarthy},
  journal={Ground Water},
  year={1997},
  volume={35},
  pages={492-501}
}

@article{Mastrocicco2009,
author = {Mastrocicco, Micòl and Vignoli, Giulio and Colombani, Nicolò and Abu Zeid, Nasser},
year = {2009},
month = {07},
pages = {311-322},
title = {Surface electrical resistivity tomography and hydrogeological characterization to constrain groundwater flow modeling in an agricultural field site near Ferrara (Italy)},
volume = {61},
journal = {Environmental Earth Sciences},
doi = {10.1007/s12665-009-0344-6}
}

@article{Mathews1997,
author = {Toby Mathews and G. Peter. Matthews and Cathy J. Ridway and Adam K. Moss},
year = {1997},
pages = {135 - 158},
title = {Measurement of Void Size Correlation in Inhomogeneous Porous Media},
volume = {28},
journal = {Transport in Porous Media}
}

@article{Mikake2000,
author = {Mikake, S. and Yoshida, H. and Koide, K. and Maekawa, Keisuke and Ogata, N. and Yanagizawa, K.},
year = {2000},
month = {04},
pages = {185-195},
title = {Methodology development for modeling heterogeneous conductivity fields for a sandstone type uranium deposit, central Japan},
volume = {56},
isbn = {9780444505057},
journal = {Engineering Geology},
doi = {10.1016/S0013-7952(99)00142-8}
}

@Article{Mueller2021,
  author                    = {Sebastian M\"uller and Carsten Leven and Peter Dietrich and Sabine Attinger and Alraune Zech},
  title                     = {How to find aquifer statistics utilizing pumping tests? Two field studies using welltestpy.},
  journal                   = {Groundwater},
  year                      = {2021},
  volume                    = {submitted},
  pages                     = {n.a.},
}

@article{Muldoon2001,
author = {Muldoon, Maureen and Simo, Toni and Bradbury, Ken},
year = {2001},
month = {12},
pages = {570-583},
title = {Correlation of hydraulic conductivity with stratigraphy in a fractured-dolomite aquifer, northeastern Wisconsin, USA},
volume = {9},
journal = {Hydrogeology Journal},
doi = {10.1007/s10040-001-0165-5}
}

@article{Nakaya2002,
Author = {Nakaya, S and Yohmei, T and Koike, A and Hirayama, T and Yoden, T and
   Nishigaki, M},
Title = {Determination of anisotropy of spatial correlation structure in a
   three-dimensional permeability field accompanied by shallow faults},
Journal = {WATER RESOURCES RESEARCH},
Year = {2002},
Volume = {38},
Number = {8},
Month = {AUG 31},
DOI = {10.1029/2001WR000672},
Article-Number = {1160},
ISSN = {0043-1397},
Unique-ID = {WOS:000179644600001},
}

@article{NaranjoFernandez2018,
author = {Naranjo Fernandez, Nuria and Guardiola-Albert, Carolina and Montero, Esperanza},
year = {2018},
month = {12},
pages = {39},
title = {Applying 3D Geostatistical Simulation to Improve the Groundwater Management Modelling of Sedimentary Aquifers: The Case of Doñana (Southwest Spain)},
volume = {11},
journal = {Water},
doi = {10.3390/w11010039}
}

@article{Neuman1990,
author = {Neuman, Shlomo P.},
title = {Universal scaling of hydraulic conductivities and dispersivities in geologic media},
journal = {Water Resources Research},
volume = {26},
number = {8},
pages = {1749-1758},
doi = {https://doi.org/10.1029/WR026i008p01749},
year = {1990}
}

@Article{Neuman2003,
  Title                    = {{Multifaceted nature of hydrogeologic scaling and its interpretation}},
  Author                   = {Neuman, Shlomo P. and Di Federico, Vittorio},
  Journal                  = {Reviews of Geophysics},
  Year                     = {2003},
  Month                    = {{Sep 30}},
  Number                   = {{3}},
  Volume                   = {{41}},
  Article-number           = {{1014}},
  Doi                      = {{10.1029/2003RG000130}},
  File                     = {:../Journals/Review of Geophysics/Neuman2003.pdf:PDF},
  ISSN                     = {{8755-1209}},
  Owner                    = {fhesse},
  Researcherid-numbers     = {{Di Federico, Vittorio/D-1970-2012}},
  Timestamp                = {2013.10.28},
  Unique-id                = {{ISI:000185893700001}}
}

@Article{Neuman2008,
  Title                    = {Multiscale relationships between fracture length, aperture, density and permeability},
  Author                   = {Shlomo P. Neuman},
  Journal                  = {Geophysical Research Letters},
  Year                     = {2008},
  Month                    = {{Nov 18}},
  Number                   = {{22}},
  Volume                   = {{35}},
  Doc-delivery-number      = {{375VY}},
  Doi                      = {{10.1029/2008GL035622}},
}

@article{Niwas2012,
author = {Niwas, Sri and Celik, Muhammed},
year = {2012},
month = {09},
pages = {77–85},
title = {Equation estimation of porosity and hydraulic conductivity of Ruhrtal aquifer in Germany using near surface geophysics},
volume = {84},
journal = {Journal of Applied Geophysics},
doi = {10.1016/j.jappgeo.2012.06.001}
}

@article{Oldenborger2003,
Author = {Oldenborger, GA and Schincariol, RA and Mansinha, L},
Title = {Radar determination of the spatial structure of hydraulic conductivity},
Journal = {GROUND WATER},
Year = {2003},
Volume = {41},
Number = {1},
Pages = {24-32},
Month = {JAN-FEB},
DOI = {10.1111/j.1745-6584.2003.tb02564.x},
}

@article{Olea1996,
  title={Compensating for estimation smoothing in kriging},
  author={Ricardo A. Olea and Vera Pawlowsky},
  journal={Mathematical Geology},
  year={1996},
  volume={28},
  pages={407-417}
}

@article{Painter2002,
author = {Painter, S. and Jiang, Y. and Woodbury, A.},
year = {2002},
month = {11},
pages = {06},
title = {Estimating transmissivity in the Edwards Aquifer using upscaling, geostatistics, and Bayesian updating},
volume = {-1},
journal = {AGU Fall Meeting Abstracts}
}

@article{Paleologos2011,
Author = {Paleologos, Evan K. and Sarris, Theofilos S.},
Title = {Stochastic analysis of flux and head moments in a heterogeneous aquifer
   system},
Journal = {Stochastic Environmental Research and Risk Assessment},
Year = {2011},
Volume = {25},
Number = {6},
Pages = {747-759},
Month = {AUG},
DOI = {10.1007/s00477-011-0459-7},
}

@article{Patriarche2005,
author = {Patriarche, Delphine and Castro, M. Clara and Goovaerts, Pierre},
year = {2005},
month = {08},
pages = {},
title = {Estimating Regional Hydraulic Conductivity Fields—A Comparative Study of Geostatistical Methods},
volume = {37},
journal = {Mathematical Geology},
doi = {10.1007/s11004-005-7308-5}
}

@article{Pedretti2016,
author = {Pedretti, Daniele and Russian, Anna and Sanchez-Vila, X. and Dentz, Marco},
year = {2016},
month = {05},
pages = {},
title = {Scale dependence of the hydraulic properties of a fractured aquifer estimated using transfer functions},
volume = {52},
journal = {Water Resources Research},
doi = {10.1002/2016WR018660}
}

@article{Pedretti2017,
title = {Stochastic analysis of the efficiency of coupled hydraulic-physical barriers to contain solute plumes in highly heterogeneous aquifers},
journal = {Journal of Hydrology},
year = {2017},
volume = {553},
pages = {805-815},
year = {2017},
issn = {0022-1694},
doi = {https://doi.org/10.1016/j.jhydrol.2017.08.051},
author = {Daniele Pedretti and Marco Masetti and Giovanni Pietro Beretta},
}

@article{Priyanka2018,
author = {Priyanka, bn and Mohan Kumar, Ms and Mahesha, A.},
year = {2018},
month = {08},
pages = {302-317},
title = {Estimating anisotropic heterogeneous hydraulic conductivity and dispersivity in a layered coastal aquifer of Dakshina Kannada District, Karnataka},
volume = {565},
journal = {Journal of Hydrology},
doi = {10.1016/j.jhydrol.2018.08.031}
}

@article{Rahman2008,
author = {Rahman, Asheka and Tsai, Frank and White, Christopher and Carlson, Douglas and Willson, Clinton},
year = {2008},
month = {06},
pages = {749-764},
title = {Geophysical data integration, stochastic simulation and significance analysis of groundwater responses using ANOVA in the Chicot Aquifer system, Louisiana, USA},
volume = {16},
journal = {Hydrogeology Journal},
doi = {10.1007/s10040-007-0258-x}
}

@article{Rautman1991,
title = {Estimates of spatial correlation in volcanic tuff, Yucca Mountain, Nevada: Yucca Mountain Site Characterization Project},
author = {Rautman, C A},
doi = {},
url = {https://www.osti.gov/biblio/138040}, journal = {},
place = {United States},
year = {1991},
month = {2}
}

@article{Razack2006,
author = {Razack, Moumtaz and Lasm, Théophile},
year = {2006},
month = {06},
pages = {164-178},
title = {Geostatistical Estimation of the Transmissivity in a Highly Fractured Metamorphic and Crystalline Aquifer (Man-Danane Region, Western Ivory Coast)},
volume = {325},
journal = {Journal of Hydrology},
doi = {10.1016/j.jhydrol.2005.10.014}
}

@article{Rehfeldt1992,
author = {Rehfeldt, Kenneth R. and Boggs, J. Mark and Gelhar, Lynn W.},
title = {Field study of dispersion in a heterogeneous aquifer: 3. Geostatistical analysis of hydraulic conductivity},
journal = {Water Resources Research},
volume = {28},
number = {12},
pages = {3309-3324},
doi = {https://doi.org/10.1029/92WR01758},
year = {1992}
}

@article{Ren2018,
title = {Borehole characterization of hydraulic properties and groundwater flow in a crystalline fractured aquifer of a headwater mountain watershed, Laramie Range, Wyoming},
journal = {Journal of Hydrology},
volume = {561},
pages = {780-795},
year = {2018},
issn = {0022-1694},
doi = {https://doi.org/10.1016/j.jhydrol.2018.04.048},
url = {https://www.sciencedirect.com/science/article/pii/S0022169418303019},
author = {Shuangpo Ren and Samuel Gragg and Ye Zhang and Bradley J. Carr and Guangqing Yao},
}

@article{Riva2009,
author = {Riva, M. and Guadagnini, A. and Bodin, Jacques and Delay, F.},
year = {2009},
month = {05},
pages = {154-164},
title = {Characterization of the Hydrogeological Experimental Site of Poitiers (France) by stochastic well testing analysis},
volume = {369},
journal = {Journal of Hydrology},
doi = {10.1016/j.jhydrol.2009.02.040}
}

@article{Rogiers2014,
Author = {Rogiers, Bart and Beerten, Koen and Smeekens, Tuur and Mallants, Dirk
   and Gedeon, Matej and Huysmans, Marijke and Batelaan, Okke and
   Dassargues, Alain},
Title = {The usefulness of outcrop analogue air permeameter measurements for
   analyzing aquifer heterogeneity: quantifying outcrop hydraulic
   conductivity and its spatial variability},
Journal = {HYDROLOGICAL PROCESSES},
Year = {2014},
Volume = {28},
Number = {20},
Pages = {5176-5188},
Month = {SEP 30},
DOI = {10.1002/hyp.10007},
}

@article{Rosa2008,
author = {Rosa, E. and Larocque, Marie},
year = {2008},
month = {06},
pages = {1866 - 1875},
title = {Investigating peat hydrological properties using field and laboratory methods: Application to the Lanoraie peatland complex (southern Quebec, Canada)},
volume = {22},
journal = {Hydrological Processes},
doi = {10.1002/hyp.6771}
}

@article{Rotzoll2008,
author = {Rotzoll, Kolja and El-Kadi, Aly},
year = {2008},
month = {08},
pages = {969-979},
title = {Estimating hydraulic conductivity from specific capacity for Hawaii aquifers, USA},
volume = {16},
journal = {Hydrogeology Journal},
doi = {10.1007/s10040-007-0271-0}
}

@article{Rovey1995,
author = {Rovey II, Charles W. and Cherkauer, Douglas S.},
title = {Scale Dependency of Hydraulic Conductivity Measurements},
journal = {Groundwater},
volume = {33},
number = {5},
pages = {769-780},
doi = {https://doi.org/10.1111/j.1745-6584.1995.tb00023.x},
year = {1995}
}

@Book{Rubin2003,
  Title                    = {Applied Stochastic Hydrogeology},
  Author                   = {Yoram Rubin},
  Publisher                = {Oxford University Press, USA},
  Year                     = {2003},
  Pages                    = {416}
}

@article{Rupp2011,
author = {Rupp, David and Reckmann, Oscar and Vergara, Jorge and Uribe, Hamil and Selker, John},
year = {2011},
month = {04},
pages = {},
title = {Unconfined Aquifer Permeability near hand-dug Wells in the Coastal and Interior dryland of the Libertador General Bernardo O'Higgins Region, Chile},
volume = {71},
journal = {Chilean journal of agricultural research},
doi = {10.4067/S0718-58392011000200012}
}

article{SanchezVila1996,
title = {Scale effects in transmissivity},
journal = {Journal of Hydrology},
volume = {183},
number = {1},
pages = {1-22},
year = {1996},
issn = {0022-1694},
doi = {https://doi.org/10.1016/S0022-1694(96)80031-X},
url = {https://www.sciencedirect.com/science/article/pii/S002216949680031X},
author = {Xavier Sanchez-Vila and Jesús Carrera and Jorge P. Girardi},
}

@article{Sakata2013,
  title={Depth dependence and exponential models of permeability in alluvial-fan gravel deposits},
  author={Yoshitaka Sakata and Ryuji Ikeda},
  journal={Hydrogeology Journal},
  year={2013},
  volume={21},
  pages={773-786}
}

@article{Schulze1999,
author = {Schulze-Makuch, Dirk and Carlson, Douglas A. and Cherkauer, Douglas S. and Malik, Peter},
title = {Scale Dependency of Hydraulic Conductivity in Heterogeneous Media},
journal = {Groundwater},
volume = {37},
number = {6},
pages = {904-919},
doi = {https://doi.org/10.1111/j.1745-6584.1999.tb01190.x},
year = {1999}
}

@article{Sebok2015,
Author = {Sebok, E. and Duque, C. and Engesgaard, P. and Boegh, E.},
Title = {Spatial variability in streambed hydraulic conductivity of contrasting
   stream morphologies: channel bend and straight channel},
Journal = {Hydrological Processes},
Year = {2015},
Volume = {29},
Number = {3},
Pages = {458-472},
Month = {JAN 30},
DOI = {10.1002/hyp.10170},
}

@article{Seong1999,
  title={Field investigation of the waste isolation pilot plant (WIPP) site (New Mexico) using a nonstationary stochastic model with a trending hydraulic conductivity field},
  author={Kwanjae Seong and Yoram Rubin},
  journal={Water Resources Research},
  year={1999},
  volume={35},
  pages={1011 - 1018}
}

@article{Siena2012,
author = {Siena, Martina and Guadagnini, A. and Riva, M. and Neuman, S.},
year = {2012},
month = {01},
pages = {},
title = {Extended power-law scaling of air permeabilities measured on a block of tuff},
volume = {16},
journal = {Hydrology and Earth System Sciences},
doi = {10.5194/hess-16-29-2012}
}

@article{Sosio2018,
author = {Sosio de Rosa, Silvia and Shipton, Zoe and Lunn, Rebecca and Kremer, Yannick and Murray, Titus},
year = {2018},
month = {08},
pages = {},
title = {Along-strike fault core thickness variations of a fault in poorly lithified sediments, Miri (Malaysia)},
volume = {116},
journal = {Journal of Structural Geology},
doi = {10.1016/j.jsg.2018.08.012}
}

@article{Stober2013,
author = {Stober, Ingrid and Jodocy, Marco and Hintersberger, Benedikt},
year = {2013},
month = {12},
pages = {663-679},
title = {Gegenüberstellung von Durchlässigkeiten aus verschiedenen Verfahren im tief liegenden Oberjura des südwestdeutschen Molassebeckens Comparison of hydraulic conductivities determined with different methods in the Upper Jurassic of the southwest German Molasse Basin},
volume = {164},
journal = {Zeitschrift der Deutschen Gesellschaft für Geowissenschaften},
doi = {10.1127/1860-1804/2013/0033}
}

@article{Sudicky2008,
author = {Sudicky, Edward and Illman, Walter and Goltz, I. and Adams, J. and Mclaren, Robert},
year = {2008},
month = {12},
pages = {01-},
title = {Heterogeneity in Hydraulic Conductivity and Its Role on the Macroscale Transport of a Solute Plume from a Landfill: From Measurements to a Practical Application of Stochastic Flow and Transport Theory},
volume = {46},
journal = {AGU Fall Meeting Abstracts},
doi = {10.1029/2008WR007558}
}

@article{Sudicky2010,
author = {Sudicky, E. A. and Illman, W. A. and Goltz, I. K. and Adams, J. J. and McLaren, R. G.},
title = {Heterogeneity in hydraulic conductivity and its role on the macroscale transport of a solute plume: From measurements to a practical application of stochastic flow and transport theory},
journal = {Water Resources Research},
volume = {46},
number = {1},
pages = {},
keywords = {spatial variability, heterogeneity, hydraulic conductivity, geostatistics, macrodispersion, large-scale plume migration},
doi = {https://doi.org/10.1029/2008WR007558},
year = {2010}
}

@article{Sukop2016,
author = {Sukop, Michael C. and Cunningham, Kevin J.},
title = {Geostatistical Borehole Image-Based Mapping of Karst-Carbonate Aquifer Pores},
journal = {Groundwater},
volume = {54},
number = {2},
pages = {202-213},
doi = {https://doi.org/10.1111/gwat.12354},
year = {2016}
}

@article{Ting2009,
author = {Ting, Zhang and Detang, Lu and Li, Daolun},
year = {2009},
month = {01},
pages = {},
title = {An improved reconstruction method for porous media based on multiple-point geostatistics}
}

@article{Tompson1998,
Author = {Tompson, AFB and Falgout, RD and Smith, SG and Bosl, WJ and Ashby, SF},
Title = {Analysis of subsurface contaminant migration and remediation using high
   performance computing},
Journal = {ADVANCES IN WATER RESOURCES},
Year = {1998},
Volume = {22},
Number = {3},
Pages = {203-221},
Month = {NOV 26},
DOI = {10.1016/S0309-1708(98)00013-X},
ISSN = {0309-1708},
ORCID-Numbers = {Tompson, Andrew/0000-0001-8885-4702},
Unique-ID = {WOS:000077458800002},
}

@article{Turcke1996,
title = {Geostatistical analysis of the Borden aquifer hydraulic conductivity field},
journal = {Journal of Hydrology},
volume = {178},
number = {1},
pages = {223-240},
year = {1996},
issn = {0022-1694},
doi = {https://doi.org/10.1016/0022-1694(95)02805-6},
author = {M.A. Turcke and B.H. Kueper}
}

@article{Vereecken2000,
  title={Analysis of solute transport in a heterogeneous aquifer: the Krauthausen field experiment},
  author={Harry Vereecken and Ute D{\"o}ring and Horst Hardelauf and Uwe Jaekel and Uwe Hashagen and Olaf Neuendorf and Holger Schwarze and R. Seidemann},
  journal={Journal of Contaminant Hydrology},
  year={2000},
  volume={45},
  pages={329-358}
}

@Book{Wackernagel2003,
  Title                    = {Multivariate Geostatistics: An Introduction with Applications},
  Author                   = {Hans Wackernagel},
  Publisher                = {Springer},
  Year                     = {2003},
  Pages                    = {403}
}

@article{Walker2005,
author = {Walker, Douglas and Gylling, Björn and Selroos, Jan-Olof},
year = {2005},
month = {01},
pages = {40-51},
title = {Upscaling of Hydraulic Conductivity and Telescopic Mesh Refinement},
volume = {43},
journal = {Ground water},
doi = {10.1111/j.1745-6584.2005.tb02284.x}
}

@article{Wang2017,
author = {Wang, Wei and Wang, Yu and Sun, Qiming and Zhang, Mao and Qiang, Yixing and Liu, Mengmeng},
year = {2017},
month = {08},
pages = {},
title = {Spatial variation of saturated hydraulic conductivity of a loess slope in the South Jingyang Plateau, China},
volume = {236},
journal = {Engineering Geology},
doi = {10.1016/j.enggeo.2017.08.002}
}

@article{Warner2006,
author = {Warner, James and Tamayo-Lara, Carlos and Khazaei, Esmaeil and Manghi, Fakhri},
year = {2006},
month = {09},
pages = {523-537},
title = {Stochastic management modeling of a pump and treat system at the Rocky Mountain Arsenal near Denver, Colorado},
volume = {328},
journal = {Journal of Hydrology},
doi = {10.1016/j.jhydrol.2005.12.007}
}

@article{Weissmann2002,
author = {Weissmann, Gary and Zhang, LaiChang},
year = {2002},
month = {01},
pages = {},
title = {Modeling alluvial fan aquifer heterogeneity at multiple scales through stratigraphic assessment}
}

@article{Welhan1997,
  title={Geostatistical analysis of regional hydraulic conductivity variations in the Snake River Plain aquifer, eastern Idaho},
  author={John A. Welhan and M. F. Reed},
  journal={Geological Society of America Bulletin},
  year={1997},
  volume={109},
  pages={855-868}
}

@article{Wen1993,
Author = {Wen, Xian-Huan and Kung, Chen-Shan},
Title = {STOCHASTIC SIMULATION OF SOLUTE TRANSPORT IN HETEROGENEOUS FORMATIONS -
   A COMPARISON OF PARAMETRIC AND NONPARAMETRIC GEOSTATISTICAL APPROACHES},
Journal = {GROUND WATER},
Year = {1993},
Volume = {31},
Number = {6},
Pages = {953-965},
Month = {NOV-DEC},
DOI = {10.1111/j.1745-6584.1993.tb00869.x},
ISSN = {0017-467X},
Unique-ID = {WOS:A1993MF85000011},
}

@article{Williams2006,
author = {Williams, A. and Bloomfield, John and Griffiths, K. and Butler, Adrian},
year = {2006},
month = {10},
pages = {53-62},
title = {Characterising vertical variations in hydraulic conductivity within the Chalk aquifer},
volume = {330},
journal = {Journal of Hydrology},
doi = {10.1016/j.jhydrol.2006.04.036}
}

@article{Williams2019,
Author = {Williams, J. D. O. and Dobbs, M. R. and Kingdon, A. and Lark, R. M. and
   Williamson, J. P. and MacDonald, A. M. and Dochartaigh, B. E. O.},
Title = {Stochastic modelling of hydraulic conductivity derived from geotechnical
   data; an example applied to central Glasgow},
Journal = {EARTH AND ENVIRONMENTAL SCIENCE TRANSACTIONS OF THE ROYAL SOCIETY OF
   EDINBURGH},
Year = {2019},
Volume = {108},
Number = {2-3, SI},
Pages = {141-154},
Month = {JAN},
Note = {Conference on Geoscience Context for Europe's Urban Sustainability -
   Lessons from Glasgow and Beyond (CUSP), Glasgow, SCOTLAND, MAY 29-30,
   2014},
DOI = {10.1017/S1755691018000312},
}

@article{Wojnar2013,
author = {Wojnar, Alicja and Mutiti, Samuel and Levy, Jonathan},
year = {2013},
month = {03},
pages = {40–56},
title = {Assessment of geophysical surveys as a tool to estimate riverbed hydraulic conductivity},
volume = {482},
journal = {Journal of Hydrology},
doi = {10.1016/j.jhydrol.2012.12.018}
}

@article{Xue2021b,
Author = {Xue, Peipei and Wen, Zhang and Zhao, Dejun and Jakada, Hamza and Liang,
   Xing},
Title = {Determination of hydraulic conductivity and its spatial variability in
   the Jianghan Plain using a multi-format, multi-method approach},
Journal = {JOURNAL OF HYDROLOGY},
Year = {2021},
Volume = {594},
Month = {MAR},
DOI = {10.1016/j.jhydrol.2020.125917},
EarlyAccessDate = {JAN 2021},
Article-Number = {125917},
ISSN = {0022-1694},
EISSN = {1879-2707},
Unique-ID = {WOS:000641589600032},
}

@article{Xue2021,
author = {Xue, Jiankun and Shi, Lei and Wang, Hao and Ji, Zhongkui and Shang, Hongbo and Xu, Feng and Zhao, Chunhu and Huang, Huan and Luo, Ankun},
year = {2021},
month = {06},
pages = {},
title = {Water abundance evaluation of a burnt rock aquifer using the AHP and entropy weight method: a case study in the Yongxin coal mine, China},
volume = {80},
journal = {Environmental Earth Sciences},
doi = {10.1007/s12665-021-09703-6}
}

@article{Yang2021,
Author = {Yang, Hao-Qing and Zhang, Lulu and Pan, Qiujing and Phoon, Kok-Kwang and
   Shen, Zhichao},
Title = {Bayesian estimation of spatially varying soil parameters with
   spatiotemporal monitoring data},
Journal = {Acta Geotechnica},
Year = {2021},
Volume = {16},
Number = {1},
Pages = {263-278},
Month = {JAN},
DOI = {10.1007/s11440-020-00991-z},
EarlyAccessDate = {JUN 2020},
ISSN = {1861-1125},
EISSN = {1861-1133},
ResearcherID-Numbers = {Hao-Qing, Yang/AAB-3459-2019},
Unique-ID = {WOS:000537406100001},
}

@article{Yeh1992,
author = {Jim Yeh, T.-C.},
title = {Stochastic modelling of groundwater flow and solute transport in aquifers},
journal = {Hydrological Processes},
volume = {6},
number = {4},
pages = {369-395},
keywords = {Spatial variability, Stochastic modelling, Groundwater flow, Solute transport},
doi = {https://doi.org/10.1002/hyp.3360060402},
year = {1992}
}

@article{Yong2019,
author = {Yong, Hu and Wenxiang, He and Bincheng, Guo},
year = {2019},
month = {09},
pages = {104044},
title = {Combining sedimentary forward modeling with sequential Gauss simulation for fine prediction of tight sandstone reservoir},
volume = {112},
journal = {Marine and Petroleum Geology},
doi = {10.1016/j.marpetgeo.2019.104044}
}

@article{Yu2019,
author = {Xiangqian Yu and Guizhang Zhao and Yiping Zhao and Mingxin Wang and Di Liu and Tiejun Liu},
year = {2019},
title = {Detecting groundwater sources for water supplies using magnetic resonance sounding in arid areas with scarce hydrogeological data: a case study on the Mongolian Plateau},
volume = {5},
journal = {Hydrogeology Journal},
doi = {10.1007/s10040-019-01939-8}
}

@article{Zakari2015,
author = {Aretouyap Zakari and Nouayou Robert and Njandjocknouck Philippe and Asfahani Jamal},
year = {2015},
pages = {},
title = {Aquifers productivity in the Pan-African context},
volume = {124},
journal = {J. Earth Syst. Sci.},
}

@article{Zahid2021,
author = {Zahid, Anwar and Nowreen, Sara and Islam, M. and Hassan, M. and Hossain, Md and Abbassi, Salah},
year = {2021},
month = {05},
pages = {},
title = {Assessment of hydraulic conductivity in the multi-layered aquifer system of the Bengal Basin, Bangladesh, by performing slug tests},
volume = {80},
journal = {Bulletin of Engineering Geology and the Environment},
doi = {10.1007/s10064-021-02294-3}
}

@article{Zammouri2014,
author = {Zammouri, Mounira and Jarraya-Horriche, Faten and Benabdallah, Sihem},
year = {2014},
month = {03},
pages = {},
title = {Assessment of the effect of a planned marina on groundwater quality in Enfida plain (Tunisia)},
volume = {7},
journal = {Arabian Journal of Geosciences},
doi = {10.1007/s12517-012-0814-0}
}

@article{Zammouri2017,
author = {Zammouri, Mounira and Ribeiro, Luís},
year = {2017},
month = {02},
pages = {},
title = {Analyzing the effect of transmissivity uncertainty on the reliability of a model of the northwestern Sahara aquifer system},
journal = {Journal of African Earth Sciences},
doi = {10.1016/j.jafrearsci.2017.02.034}
}

@article{Zhang2005,
  title={Geostatistical analysis of an experimental stratigraphy},
  author={Yehui Zhang and M. A. Person and Chris Paola and Carl W. Gable and Xian-Huan Wen and J. M. Davis},
  journal={Water Resources Research},
  year={2005},
  volume={41}
}

@article{Zhang2018,
author = {Zhang, Shu and Xiahou, Yunshan and Tang, Huiming and Huang, Lei and Liu, Xiao and Wu, Qiong},
year = {2018},
month = {10},
pages = {1-15},
title = {Study on the Spatially Variable Saturated Hydraulic Conductivity and Deformation Behavior of Accumulation Reservoir Landslide Based on Surface Nuclear Magnetic Resonance Survey},
volume = {2018},
journal = {Advances in Civil Engineering},
doi = {10.1155/2018/7290640}
}

@article{Zhong2019,
author = {Zhong, Zhi and Carr, Timothy},
year = {2019},
month = {01},
pages = {61-75},
title = {Geostatistical 3D geological model construction to estimate the capacity of commercial scale injection and storage of CO2 in Jacksonburg-Stringtown oil field, West Virginia, USA},
volume = {80},
journal = {International Journal of Greenhouse Gas Control},
doi = {10.1016/j.ijggc.2018.10.011}
}

@article{Zemansky2005,
author = {Zemansky, Gil and Mcelwee, Carl},
year = {2005},
month = {03},
pages = {222-30},
title = {High-resolution slug testing},
volume = {43},
journal = {Ground water},
doi = {10.1111/j.1745-6584.2005.0008.x}
}

@article{Zlotnlk1998,
title = {Multi-level slug tests in highly permeable formations: 2. Hydraulic conductivity identification, method verification, and field applications},
journal = {Journal of Hydrology},
volume = {204},
number = {1},
pages = {283-296},
year = {1998},
issn = {0022-1694},
doi = {https://doi.org/10.1016/S0022-1694(97)00127-3},
author = {Vitaly A. Zlotnlk and Virginia L. McGuire},
}

@article{Zlotnik2001,
author = {Zlotnik, Vitaly and Zurbuchen, Brian and Ptak, Thomas},
year = {2001},
month = {07},
pages = {504-16},
title = {The Steady-State Dipole-Flow Test for Characterization of Hydraulic Conductivity Statistics in a Highly Permeable Aquifer: Horkheimer Insel Site, Germany},
volume = {39},
journal = {Ground water},
doi = {10.1111/j.1745-6584.2001.tb02339.x}
}